@inproceedings{br:pre,
   author      = "H. M. B{\"u}cker and M. A. Rostami",
   title       = "Preservation of Non-Uniform Memory Architecture Characteristics
                  when Going from a Nested {OpenMP} to a Hybrid {MPI/OpenMP} Approach",
   booktitle   ="Proceedings of the 4th International Conference on Simulation and Modeling
                 Methodologies, Technologies and Applications (SIMULTECH 2014), August 28--30, 2014, Vienna, Austria",
   year        = 2014,
   note   = "Accepted for publication",
}


@inproceedings{shemat2014,
    title = {Turning a Serial Forward Code into a Parallel Inverse Code: A Case Study from Geothermal Engineering},
    author = {B{\"u}cker, H. M. and Rostami, M. A. and Seidler, R.},
    booktitle = {Proceedings of the 2014 International Conference on
Applied Mathematics and Computational Methods in Engineering, Europment 2014},
    note = {Accepted for publication},
    year = {2014},
}


@inproceedings{efcoss2014,
 author = {R. Seidler and H. M. B\"ucker and M. A. Rostami and D. Neuh\"auser},
 title = {{Parallel Simulation Codes in Parameter Estimation with the EFCOSS Framework}},
 booktitle = {Proceedings of ICSOFT-EA 2014},
 note  = {Submitted for publication},
}

@inproceedings{explain_column_compression,
   author      = "H. M. B{\"u}cker and M. A. Rostami and M. L{\"u}lfesmann",
   title       = "{An Interactive Educational Module Illustrating
                   Sparse Matrix Compression via Graph Coloring}",
   booktitle ="2013 International Conference on Interactive Collaborative Learning (ICL),
               Proceedings of the 16th International Conference on Interactive Collaborative Learning,
               Kazan, Russia, September 25--27, 2013",
   xeditor    = "",
   year      = 2013,
   xvolume    = "",
   series    ="",
   pages     = "330--335",
   address   ="",
   publisher ="IEEE",
   doi       ="10.1109/ICL.2013.6644591 ",
   }

@inproceedings{explain_nested_dissection,
   author      = "H. M. B{\"u}cker and M. A. Rostami",
   title       = "{Interactively exploring the connection between nested dissection orderings for
parallel Cholesky factorization and vertex separators}",
   booktitle ="{2014 IEEE 28th International Parallel and Distributed Processing Symposium Workshops}",
   year      = "May, 2014",
   pages     = "1122--1129",
   address   ="",
   publisher ="IEEE Computer Society",
   }


@mastersthesis{master-thesis,
  author  = "Mohammad Ali Rostami",
  title   = "Parallelization of a Geological Reservoir Simulation Software Package",
  school  = "RWTH Aachen University",
  year    =  2012,
  address = "Templergraben 55, 52056 Aachen"
}

@inproceedings{nfs,
   author      = "C. Christoph, M. A. Rostami, D. Halachliyski",
   title       = "{Developing location-based games by means of Near Field Communication technology and content creation tools.}",
   booktitle = "Mobile Gaming 2012 (Moga 12), Workshop at ICEC",
   year      = 2012,
   series    = "",
   pages     = "",
   address   ="",
   publisher ="",
   doi       ="",
   }




%%%%%%%%%%%%%%%%%%%%%%%%%%%%%%%%%%%%
%%%%%%%%%%%%%%%%%%%%%%%%%%%%%%%%%%%%
@PhdThesis{wolf2011,
  author = {A. Wolf},
  title  = {Ein {S}oftwarekonzept zur hierarchischen {P}arallelisierung von stochastischen und
            deterministischen {I}nversionsproblemen auf modernen {ccNUMA}-{P}lattformen unter
            {N}utzung automatischer {P}rogrammtransformation},
  school = {Department of Computer Science, RWTH Aachen University},
  type   = "Dissertation",
  year   = {2011},
}

@PHDTHESIS{vogt2013,
  author = {C. Vogt},
  title = {Optimization of Geothermal Energy Reservoir Modeling using Advanced Numerical
Tools for Stochastic Parameter Estimation and Quantifying Uncertainties},
  school = {Department of Georesources and Materials Engineering, RWTH Aachen University},
  year = {2013},
  type = {Doctoral dissertation},
  owner = {cvo},
  timestamp = {2013.02.18}
}


@book{inverse,
 author = {Tarantola, Albert},
 title = {Inverse Problem Theory and Methods for Model Parameter Estimation},
 year = {2004},
 isbn = {0898715725},
 publisher = {Society for Industrial and Applied Mathematics},
 address = {Philadelphia, PA, USA},
}

@BOOK{ad,
       author = "Louis B.~Rall",
       title = "Automatic Differentiation: {T}echniques and Applications",
       series = "Lecture Notes in Computer Science",
       publisher = "Springer",
       address = "Berlin",
       key = "Rall1981ADT",
       isbn = "0--540--10861--0",
       year = "1981",
       volume = "120",
       ad_theotech = "General",
       doi = "10.1007/3-540-10861-0"
}

@incollection{shemat,
year={2003},
isbn={978-3-642-62866-5},
booktitle={Numerical Simulation of Reactive Flow in Hot Aquifers},
editor={Clauser, C.},
doi={10.1007/978-3-642-55684-5_2},
title={Numerical Simulation of Reactive Flow using {SHEMAT}},
publisher={Springer Berlin Heidelberg},
author={Bartels, J. and K\"{u}hn, M. and Clauser, C.},
pages={5-74},
language={English}
}

@article {shem-mc,
author = {Vogt, C. and Marquart, G. and Kosack, C. and Wolf, A. and Clauser, C.},
title = {Estimating the permeability distribution and its uncertainty at the {EGS} demonstration reservoir {S}oultz-sous-{F}or\^{e}ts using the ensemble {K}alman filter},
journal = {Water Resources Research},
volume = {48},
number = {8},
issn = {1944-7973},
url = {http://dx.doi.org/10.1029/2011WR011673},
doi = {10.1029/2011WR011673},
pages = {W08517},
keywords = {Enhanced Geothermal System, Ensemble Kalman Filter, Hot Dry Rock, Soultz-sous-ForÃªts, geothermal parameter estimation},
year = {2012},
}


@article{inverse-shemat,
  author =    "V. Rath and A. Wolf and H. M. B{\"u}cker",
  title =     {Joint Three-Dimensional Inversion of Coupled
                  Groundwater Flow and Heat Transfer Based on
                  Automatic Differentiation: {S}ensitivity Calculation,
                  Verification, and Synthetic Examples},
   journal   ="Geophysical Journal International",
   year      = 2006,
   volume     = 167,
   number     = 1,
   pages      = "453--466",
}

@ARTICLE{mc1,
author={Mello JCO and Pereira, M. V F and Leite da Silva, A.M.},
journal={IEEE Transactions on Power Systems},
title={Evaluation of reliability worth in composite systems based on pseudo-sequential {M}onte {C}arlo simulation},
year={1994},
month={Aug},
volume={9},
number={3},
pages={1318-1326},
ISSN={0885-8950},}

@ARTICLE{mc2,
author={Ubeda, J.R. and Allan, R.N.},
journal={EE Proceedings of Generation, Transmission and Distribution},
title={Reliability assessment of composite hydrothermal generation and transmission systems using sequential simulation},
year={1994},
month={Jul},
volume={141},
number={4},
pages={257-262},
ISSN={1350-2360},}

@inproceedings{enkf06,
 author = {S. Gillijns and O. Barrero Mendoza and J. Chandrasekar
       and B. L. R. {De~Moor} and D. S. Bernstein and A. Ridley},
 title = {What Is the Ensemble {K}alman Filter and How Well Does it Work?},
 booktitle = {Proceedings of the 2006 American Control Conference},
 year = {2006},
 month = {June},
 pages = {4448--4453},
 address = {Minneapolis, Minnesota, USA},
}

@article{enkf03,
year={2003},
issn={1616-7341},
journal={Ocean Dynamics},
volume={53},
number={4},
doi={10.1007/s10236-003-0036-9},
title={The Ensemble {K}alman Filter: theoretical formulation and practical implementation},
xurl={http://dx.doi.org/10.1007/s10236-003-0036-9},
publisher={Springer-Verlag},
keywords={Data assimilation; Ensemble Kalman Filter},
author={Evensen, Geir},
pages={343-367},
}

@inproceedings{amdahl1967,
 author = {Amdahl, Gene M.},
 title = {Validity of the Single Processor Approach to Achieving Large Scale Computing Capabilities},
 booktitle = {Proceedings of the April 18-20, 1967, Spring Joint Computer Conference},
 series = {AFIPS '67 (Spring)},
 year = {1967},
 location = {Atlantic City, New Jersey},
 pages = {483--485},
 numpages = {3},
 xurl = {http://doi.acm.org/10.1145/1465482.1465560},
 doi = {10.1145/1465482.1465560},
 acmid = {1465560},
 publisher = {ACM},
 address = {New York, NY, USA},
}
